00584cas a22002291a 4500
001 999311013502836
003 Nz
005 20161223153129.0
008 040109d1966uuuunz  r ne      0   0 eng d
035    $a (NLNZils)931101
035    $a (Nz)8177785
035    $a (NLNZils)931101-ilsdb
035    $a (OCoLC)173422478
040    $a WN $c WN
042    $a nznb
043    $a u-nz---
245 00 $a Otumoetai reporter.
260    $a [Tauranga, N.Z. : $b s.n., $c 1966-?]
310    $a Monthly
362 0  $a 1966 Sep.-?
651  0 $a Tauranga (N.Z.) $v Newspapers.
655  7 $a New Zealand newspapers. $2 local $5 Nz
